@article{cohen1971299,
title = "Maximizing final yield when growth is limited by time or by limiting resources",
journal = "Journal of Theoretical Biology",
volume = "33",
number = "2",
pages = "299 - 307",
year = "1971",
issn = "0022-5193",
doi = "https://doi.org/10.1016/0022-5193(71)90068-3",
url = "http://www.sciencedirect.com/science/article/pii/0022519371900683",
author = "Dan Cohen"}

@article{lenhart2007,
author = {Lenhart, Suzanne and Workman, John},
year = {2007},
month = {01},
pages = {},
title = {Optimal Control Applied to Biological Models}
}

@book{kot2001elements,
  title={Elements of Mathematical Ecology},
  author={Kot, M.},
  isbn={9780521001502},
  lccn={00065165},
  series={Elements of Mathematical Ecology},
  url={https://books.google.sm/books?id=7\_IRlnNON7oC},
  year={2001},
  publisher={Cambridge University Press}
}